<record><leader>00000cas a22000007a 4500</leader><controlfield tag="001">25685063</controlfield><controlfield tag="008">920421d19101912ncudn ne      0    0eng d</controlfield><controlfield tag="009">13381</controlfield><datafield ind1=" " ind2=" " tag="010"><subfield code="a">sn 92073026 </subfield></datafield><datafield ind1=" " ind2=" " tag="040"><subfield code="a">NVJ</subfield><subfield code="b">eng</subfield><subfield code="c">NVJ</subfield></datafield><datafield ind1=" " ind2=" " tag="042"><subfield code="a">msc</subfield></datafield><datafield ind1="0" ind2=" " tag="130"><subfield code="a">Raleigh daily times (Raleigh, N.C. : 1910)</subfield></datafield><datafield ind1="0" ind2="4" tag="245"><subfield code="a">The Raleigh daily times.</subfield></datafield><datafield ind1=" " ind2=" " tag="260"><subfield code="a">Raleigh, N.C. :</subfield><subfield code="b">J.V. Simms,</subfield></datafield><datafield ind1=" " ind2=" " tag="300"><subfield code="a">v.</subfield></datafield><datafield ind1=" " ind2=" " tag="310"><subfield code="a">Daily (except Sunday)</subfield></datafield><datafield ind1="0" ind2=" " tag="362"><subfield code="a">Nov. 1, 1910-v. 71, no. 109 (May 20, 1912).</subfield></datafield><datafield ind1=" " ind2=" " tag="515"><subfield code="a">Vol. numbering began with issue for Dec. 6, 1910 as: Vol. 68, no. 135-</subfield></datafield><datafield ind1=" " ind2=" " tag="752"><subfield code="a">United States</subfield><subfield code="b">North Carolina</subfield><subfield code="c">Wake</subfield><subfield code="d">Raleigh.</subfield></datafield><datafield ind1="0" ind2="0" tag="780"><subfield code="t">Evening times (Raleigh, N.C.)</subfield><subfield code="w">(DLC)sn 92073025</subfield></datafield><datafield ind1="0" ind2="0" tag="785"><subfield code="t">Raleigh times</subfield><subfield code="w">(DLC)sn 85042106</subfield></datafield></record>